<record><leader>00000cas a22000007a 4500</leader><controlfield tag="001">55745816</controlfield><controlfield tag="008">040626d1uuu1947inuwr ne      0    0eng d</controlfield><datafield ind1=" " ind2=" " tag="010"><subfield code="a">sn2004062605</subfield></datafield><datafield ind1=" " ind2=" " tag="040"><subfield code="a">NPI</subfield><subfield code="b">eng</subfield><subfield code="c">NPI</subfield><subfield code="d">OCLCQ</subfield><subfield code="d">OCLCF</subfield><subfield code="d">OCLCO</subfield></datafield><datafield ind1="1" ind2=" " tag="029"><subfield code="a">AU@</subfield><subfield code="b">000025930132</subfield></datafield><datafield ind1=" " ind2=" " tag="042"><subfield code="a">msc</subfield></datafield><datafield ind1=" " ind2=" " tag="043"><subfield code="a">n-us-in</subfield></datafield><datafield ind1="0" ind2=" " tag="130"><subfield code="a">Shelby Democrat (Shelbyville, Ind. : 1880)</subfield></datafield><datafield ind1="1" ind2="0" tag="245"><subfield code="a">Shelby Democrat.</subfield></datafield><datafield ind1=" " ind2=" " tag="260"><subfield code="a">Shelbyville, Ind. :</subfield><subfield code="b">W.S. Ray [and] A. McCorkle,</subfield><subfield code="c">1880-1947.</subfield></datafield><datafield ind1=" " ind2=" " tag="300"><subfield code="a">66 v. :</subfield><subfield code="b">ill.</subfield></datafield><datafield ind1=" " ind2=" " tag="310"><subfield code="a">Weekly</subfield></datafield><datafield ind1="0" ind2=" " tag="362"><subfield code="a">Vol. 36, no. 1 (June 10, 1880)-v. 101, no. 34 (Nov. 27, 1947).</subfield></datafield><datafield ind1=" " ind2="0" tag="651"><subfield code="a">Shelbyville (Ind.)</subfield><subfield code="v">Newspapers.</subfield></datafield><datafield ind1=" " ind2="7" tag="655"><subfield code="a">Newspapers.</subfield><subfield code="2">fast</subfield><subfield code="0">(OCoLC)fst01423814</subfield></datafield><datafield ind1=" " ind2="7" tag="651"><subfield code="a">Indiana</subfield><subfield code="z">Shelbyville.</subfield><subfield code="2">fast</subfield><subfield code="0">(OCoLC)fst01218142</subfield></datafield><datafield ind1=" " ind2=" " tag="752"><subfield code="a">United States</subfield><subfield code="b">Indiana</subfield><subfield code="c">Shelby</subfield><subfield code="d">Shelbyville.</subfield></datafield><datafield ind1="0" ind2="0" tag="780"><subfield code="t">Shelby Democrat-volunteer</subfield><subfield code="w">(DLC)sn2004062604</subfield></datafield><datafield ind1="0" ind2="0" tag="785"><subfield code="t">Shelbyville Democrat (Shelbyville, Ind. : Weekly)</subfield><subfield code="w">(DLC)sn 85047934</subfield></datafield></record>